% Encoding: UTF-8

@Book{gao2010,
  author    = {高上凯},
  title     = {医学成像系统（第2版）},
  year      = {2010},
  publisher = {清华大学出版社},
  location  = {北京},
}

@Book{gu2012,
  author    = {顾本立 and 万遂人 and 赵兴群},
  title     = {医学成像原理},
  year      = {2012},
  publisher = {科学出版社},
  location  = {北京},
}

@Book{kang2014,
  author    = {康雁},
  title     = {医学成像技术与系统},
  year      = {2014},
  publisher = {清华大学出版社},
  location  = {北京},
}

@Book{kak2001,
  author    = {Kak, Avinash C and Slaney, Malcolm},
  title     = {Principles of computerized tomographic imaging},
  year      = {2001},
  publisher = {SIAM},
  location  = {New York},
}

@Article{radon1986,
  author   = {J. Radon},
  title    = {On the determination of functions from their integral values along certain manifolds},
  journal  = {IEEE Transactions on Medical Imaging},
  year     = {1986},
  volume   = {5},
  number   = {4},
  month    = {Dec},
  pages    = {170-176},
  issn     = {0278-0062},
  doi      = {10.1109/TMI.1986.4307775},
  keywords = {Integral equations;Mathematics},
}

@Comment{jabref-meta: databaseType:biblatex;}
